<?xml version="1.0" encoding="UTF-8"?><record xmlns="http://www.loc.gov/MARC21/slim" xmlns:cinclude="http://apache.org/cocoon/include/1.0" xmlns:zs="http://www.loc.gov/zing/srw/">
  <leader>00431cz  a2200133n  4500</leader>
  <controlfield tag="001">n  87880027 </controlfield>
  <controlfield tag="003">DLC</controlfield>
  <controlfield tag="005">20061208074831.0</controlfield>
  <controlfield tag="008">871210n| acannaab           |n aaa      </controlfield>
  <datafield tag="010" ind1=" " ind2=" ">
    <subfield code="a">n  87880027 </subfield>
  </datafield>
  <datafield tag="040" ind1=" " ind2=" ">
    <subfield code="a">DLC</subfield>
    <subfield code="c">DLC</subfield>
    <subfield code="d">DLC</subfield>
  </datafield>
  <datafield tag="100" ind1="1" ind2=" ">
    <subfield code="a">Owczarz, Ewa</subfield>
  </datafield>
  <datafield tag="670" ind1=" " ind2=" ">
    <subfield code="a">Her Dydaktyka spoĹeczna w powiesĚciach J.I. Kraszewskiego, 1987:</subfield>
    <subfield code="b">t.p. (Ewa Owczarz)</subfield>
  </datafield>
  <datafield tag="670" ind1=" " ind2=" ">
    <subfield code="a">National Library of Poland Web OPAC, Dec. 7, 2006</subfield>
    <subfield code="b">(Owczarz, Ewa (1950- ))</subfield>
  </datafield>
</record>